
@mastersthesis{Reuther2014,
type = {Bachelorarbeit},
  author       = {Claus Reuther}, 
  title        = {Virtualisierung - VMware und Microsoft im Vergleich},
  school       = {Hochschule für Angewandte Wissenschaften Hamburg},
  year         = 2013,
  month        = 1
}

@BOOK{Apelt200511, 
	title={Von der Kürze des Lebens},
	author={Seneca},
	publisher={Deutscher Taschenbuch Verlag},
	year={2005},
	month={11},
	isbn={9783423342513},
	url={http://amazon.de/o/ASIN/342334251X/},
	price={EUR 7,00},
	totalpages={96},
	timestamp={2015.03.18},
}


@BOOK{HarrisHaase201112, 
	title={Sinatra: Up and Running},
	author={Alan Harris and Konstantin Haase},
	publisher={O'Reilly Media},
	year={2011},
	month={12},
	edition={1},
	isbn={9781449304232},
	url={http://amazon.com/o/ASIN/1449304230/},
	price={$19.99},
	totalpages={122},
	timestamp={2015.03.18},
}

@BOOK{Hall201311, 
	title={Ansible Configuration Management},
	author={Daniel Hall},
	publisher={Packt Publishing},
	year={2013},	
	month={11},
	isbn={9781783280810},
	url={http://amazon.com/o/ASIN/1783280816/},
	price={$34.99},
	totalpages={92},
	timestamp={2015.03.18},
}

@BOOK{FlanaganMatsumoto200802, 
	title={The Ruby Programming Language},
	author={David Flanagan and Yukihiro Matsumoto},
	publisher={O'Reilly Media},
	year={2008},
	month={2},
	edition={1},
	isbn={9780596516178},
	url={http://amazon.com/o/ASIN/0596516177/},
	price={$39.99},
	totalpages={448},
	timestamp={2015.03.18},
}

@BOOK{Wintermeyer201211, 
	title={Ruby on Rails 3.2 - Für Ein-, Um- und Quereinsteiger (Open Source Library)},
	author={Stefan Wintermeyer},
	publisher={Addison-Wesley Verlag},
	year={2012},
	month={11},
	edition={1},
	isbn={9783827329899},
	url={http://amazon.de/o/ASIN/3827329892/},
	price={EUR 29,95},
	totalpages={400},
	timestamp={2015.03.18},
}

@BOOK{Starke201205, 
title={Softwarearchitekturen dokumentieren und kommunizieren: Entwürfe, Entscheidungen und Lösungen nachvollziehbar und wirkungsvoll festhalten},
author={Stefan Zörner},
publisher={Carl Hanser Verlag GmbH und Co. KG},
year={2012},
month={5},
isbn={9783446429246},
url={http://amazon.de/o/ASIN/3446429247/},
price={EUR 34,90},
totalpages={265},
timestamp={2015.04.24},
}

@BOOK{Starke201401, 
title={Effektive Softwarearchitekturen: Ein praktischer Leitfaden},
author={Gernot Starke},
publisher={Carl Hanser Verlag GmbH und Co. KG},
year={2014},
month={1},
edition={6., überarbeitete Auflage},
isbn={9783446436145},
url={http://amazon.de/o/ASIN/3446436146/},
price={EUR 44,99},
totalpages={409},
timestamp={2015.05.27},
}

@BOOK{Hruschka201103, 
title={Software-Architektur kompakt (IT kompakt)},
author={Gernot Starke},
publisher={Spektrum Akademischer Verlag},
year={2011},
month={3},
edition={2nd Printing.},
isbn={9783827420930},
url={http://amazon.de/o/ASIN/3827420938/},
price={EUR 12,95},
totalpages={120},
timestamp={2015.06.12},
}

@BOOK{RechtinMaier200006, 
title={The Art of Systems Architecting, Second Edition},
author={Eberhardt Rechtin and Mark Maier},
publisher={Crc Pr Inc},
year={2000},
month={6},
edition={0002},
isbn={9780849304408},
url={http://amazon.de/o/ASIN/0849304407/},
price={EUR 85,26},
totalpages={313},
timestamp={2015.05.27},
}

@BOOK{Bengel200806, 
title={Masterkurs Parallele und Verteilte Systeme: Grundlagen und Programmierung von Multicoreprozessoren, Multiprozessoren, Cluster und Grid (German Edition)},
author={Gunther Bengel},
publisher={Vieweg+Teubner Verlag},
year={2008},
month={6},
edition={2008},
isbn={9783834803948},
url={http://amazon.de/o/ASIN/3834803944/},
price={EUR 39,90},
totalpages={532},
timestamp={2015.05.12},
}

@BOOK{SiegertBaumgarten200612, 
title={Betriebssysteme: Eine Einführung},
author={Hans-Jürgen Siegert and Uwe Baumgarten},
publisher={Oldenbourg Wissenschaftsverlag},
year={2006},
month={12},
edition={überarbeitete, aktualisierte und erweiterte Auflage},
isbn={9783486582116},
url={http://amazon.de/o/ASIN/3486582119/},
price={EUR 44,95},
totalpages={405},
timestamp={2015.05.12},
}

@BOOK{RuppSOPHISTen201410, 
title={Requirements-Engineering und -Management: Aus der Praxis von klassisch bis agil},
author={Chris Rupp and die SOPHISTen},
publisher={Carl Hanser Verlag GmbH und Co. KG},
year={2014},
month={10},
edition={6., aktualisierte und erweiterte Auflage},
isbn={9783446438934},
url={http://amazon.de/o/ASIN/3446438939/},
price={EUR 49,99},
totalpages={570},
timestamp={2015.05.20},
}


@BOOK{ChungNixonYuMylopoulos199910, 
title={Non-Functional Requirements in Software Engineering (International Series in Software Engineering)},
author={Lawrence Chung and Brian A. Nixon and Eric Yu and John Mylopoulos},
publisher={Springer},
year={1999},
month={10},
edition={2000},
isbn={9780792386667},
url={http://amazon.de/o/ASIN/0792386663/},
price={EUR 506,14},
totalpages={441},
timestamp={2015.05.21},
}


@BOOK{Balzert201109, 
title={Lehrbuch der Softwaretechnik: Entwurf, Implementierung, Installation und Betrieb},
author={Helmut Balzert},
publisher={Spektrum Akademischer Verlag},
year={2011},
month={9},
edition={3. Aufl. 2012},
isbn={9783827417060},
url={http://amazon.de/o/ASIN/3827417066/},
price={EUR 49,95},
totalpages={596},
timestamp={2015.05.28},
}

@BOOK{Rhett201508, 
title={Learning Puppet 4},
author={Jo Rhett},
publisher={O'Reilly Vlg. Gmbh and Co.},
year={2015},
month={8},
edition={1},
isbn={9781491907665},
url={http://amazon.de/o/ASIN/1491907665/},
price={EUR 47,83},
totalpages={250},
timestamp={2015.06.02},
}

@BOOK{Peacock201308, 
title={Creating Development Environments with Vagrant},
author={Michael Peacock},
publisher={Packt Publishing},
year={2013},
month={8},
isbn={9781849519182},
url={http://amazon.de/o/ASIN/1849519188/},
price={EUR 28,88},
totalpages={118},
timestamp={2015.06.02},
}

@BOOK{Schaefer200912, 
title={Softwareentwicklung - inkl. Lerntest auf CD: Einstieg für Anspruchsvolle (Master Class)},
author={Werner Schäfer},
publisher={Addison-Wesley Verlag},
year={2009},
month={12},
edition={1},
isbn={9783827328519},
url={http://amazon.de/o/ASIN/3827328519/},
price={EUR 29,95},
totalpages={416},
timestamp={2015.06.09},
}

@BOOK{TanenbaumSteen200711, 
title={Verteilte Systeme: Prinzipien und Paradigmen (Pearson Studium - IT)},
author={Andrew S. Tanenbaum and Maarten van Steen},
publisher={Pearson Studium},
year={2007},
month={11},
edition={2., aktualisierte Auflage},
isbn={9783827372932},
url={http://amazon.de/o/ASIN/3827372933/},
price={EUR 49,95},
totalpages={764},
timestamp={2015.06.09},
}


@BOOK{Masak200911, 
title={Der Architekturreview: Vorgehensweise, Konzepte und Praktiken (Xpert.press)},
author={Dieter Masak},
publisher={Springer},
year={2009},
month={11},
edition={2010},
isbn={9783642016585},
url={http://amazon.de/o/ASIN/3642016588/},
price={EUR 59,99},
totalpages={298},
timestamp={2015.06.14},
}

@Book{jarosch2002datenbankentwurf,
 author = {Jarosch, Helmut},
 title = {Datenbankentwurf : eine beispielorientierte Einführung für Studenten und Praktiker},
 publisher = {Vieweg},
 year = {2002},
 address = {Braunschweig Wiesbaden},
 isbn = {3528058005}
 }
 
 @Book{pernul2003datenbanken,
 author = {Pernul, Günther},
 title = {Datenbanken im Unternehmen : Analyse, Modellbildung und Einsatz},
 publisher = {Oldenbourg},
 year = {2003},
 address = {München Wien},
 isbn = {3486272101}
 }


@techreport{Hock12,
  author       = {Jürgen Hock}, 
  title        = {OpenNebula - The Open Source Solution for Data Center Virtualization},
  institution  = {Hochschule Mannheim Institut für Sofwaretechnik und Datenkommunikation, Mannheim},
  year         = 2012,
  url={http://baun-vorlesungen.appspot.com/SEM12/Dokumente/CLCP_SEM_SS2012_OpenNebula_Ausarbeitung.pdf},
  timestamp={2015.09.24}
}

@techreport{Burge02,
  author       = {Janet E. Burge and David C. Brown}, 
  title        = {NFR's: Fact or Fiction?},
  institution  = {Computer Science Department WPI, Worcester },
  year         = 2002,
  url={http://web.cs.wpi.edu/~dcb/Papers/CASCON03.pdf},
  timestamp={2015.05.21}
}

@Online{Sophisten13,
  author       = {Roland Kluge, SOPHIST GmbH}, 
  title        = {Schablonen für alle Fälle},
  year         = 2013,
  url={https://www.sophist.de/fileadmin/SOPHIST/Puplikationen/Broschueren/SOPHIST_Broschuere_MASTeR.pdf},
  timestamp={2015.09.30}
}

@ONLINE{ScriptRock:2014:Online,
author = {ScriptRock},
title = {Ansible vs. Salt},
month = jan,
year = {2014},
url = {https://www.scriptrock.com/articles/ansible-vs-salt}
}

@ONLINE{Sinatra:2015:Online,
author = {Sinatra},
title = {Sinatra Einführung},
month = jun,
year = {2015},
url = {http://www.sinatrarb.com/intro-de.html#Bedingungen}
}

@ONLINE{Wikipedia:2015:Online,
   author = {Wikipedia},
   title = {Model-view-controller --- Wikipedia - The Free Encyclopedia},
   year = {2015},
   url = {https://upload.wikimedia.org/wikipedia/commons/thumb/a/a0/MVC-Process.svg/2000px-MVC-Process.svg.png}
}

@ONLINE{Statista:2015:Online,
   author = {Statista},
   title = {marktanteil-der-meistgenutzten-webserver},
   year = {2015},
   url = {http://de.statista.com/statistik/daten/studie/181588/umfrage/marktanteil-der-meistgenutzten-webserver/}
}

@ONLINE{Golem:2015:Online,
   author = {Martin Loschwitz and Syseleven},
   title = {OpenStack},
   year = {2015},
   url = {http://www.golem.de/news/openstack-viele-brauchen-es-keiner-versteht-es-wir-erklaeren-es-1503-112814.html}
}

@ONLINE{opennebula:2015:Online,
   author = {Ignacio M. Llorente},
   title = {OpenNebula vs. OpenStack: User Needs vs. Vendor Driven},
   year = {2014},
   url = {http://opennebula.org/opennebula-vs-openstack-user-needs-vs-vendor-driven/}
}

@ONLINE{vagrant:2015:Online,
   author = {Vagrant},
   title = {CREATING A BASE BOX},
   year = {2015},
   url = {https://docs.vagrantup.com/v2/virtualbox/boxes.html}
}

@ONLINE{Braun11:Online,
   author = {Christian Baun, Viktor Mauch},
   title = {Cluster-, Grid- und Cloud-Computing},
   institution  = {Karlsruher Institut fur Technologie - Steinbuch Centre for Computing},   
   year = {2011},
   url = {http://www.baun-vorlesungen.appspot.com/CGC11/Skript/folien_cgc_vorlesung_13_SS2011.pdf}
}

@ONLINE{Scherf15:Online,
   author = {Thorsten Scherf},
   title = {Konfigurationsmanagement mit Ansible},
   year = {2015},
   url = {http://www.admin-magazin.de/Online-Artikel/Konfigurationsmanagement-mit-Ansible}
}

@ONLINE{Fleichmann12:Online,
   author = {Andreas Fleischmann},
   title = {Konfigurationsmanagement mit Ansible},
   year = {2012},
   month = {April},
   url = {http://www.s-inn.de/blog/image.axd?picture=2012\%2F5\%2FHypervisor-Type-1-vs-Type-2.png
}
}





